@inproceedings{hight,
    title={HIGHT: A New Block Cipher Suitable for Low-Resource Device},
    booktitle={Cryptographic Hardware and Embedded Systems - CHES 2006, 8th International Workshop},
    series={Lecture Notes in Computer Science},
    publisher={Springer},
    volume={4249},
    pages={46-59},
    url={http://www.iacr.org/cryptodb/archive/2006/CHES/04/04.pdf},
    doi={10.1007/11894063_4},
    author={Deukjo Hong and Jaechul Sung and Seokhie Hong and Jongin Lim and Sangjin Lee and Bonseok Koo and Changhoon Lee and Donghoon Chang and Jesang Lee and Kitae Jeong and Hyun Kim and Jongsung Kim and Seongtaek Chee},
    year=2006
}

@inproceedings{hight_implementation,
    title={Implementation and analysis of new lightweight cryptographic algorithm suitable for wireless sensor networks},
    author={Koo, Woo Kwon and Lee, Hwaseong and Kim, Yong Ho and Lee, Dong Hoon},
    booktitle={Information Security and Assurance, 2008. ISA 2008. International Conference on},
    pages={73--76},
    year={2008},
    organization={IEEE}
}

